@inproceedings{ref1,
  author = {David Enke, Manfred Grauer and Nijat Mehdiyev},
  title = {Stock Market Prediction with Multiple Regression, Fuzzy Type-2 Clustering and Neural Networks, 
	ScienceDirect, Retrieved },
  howpublished = {\url{www.sciencedirect.com/science/article/pii/S1877050911005035}},
  year = {2011},
}

@inproceedings{ref2,
  author = {Hayes, Stephen},
  title = {Multiple Regression Analysis using SPSS statistics, Laerd Statistics},
  howpublished = {\url{https://statistics.laerd.com/spss-tutorials/multiple-
	regression-using-spss-statistics.php}},
  year = {2014},
}

@inproceedings{ref3,
  author = {E. Rich and Knight},
  booktitle = {Artificial Intelligence, McGraw Hill,},
  year = {1991},
}

@inproceedings{ref4,
  author = {Ivan Bratko},
  booktitle = {PROLOG Programming for Artificial Intelligence, Addison Wesley},
  year = {2001},
}

@inproceedings{ref5,
  author = {P. H. Winston},
  booktitle = {Artificial Intelligence, Addison Wesley},
  year = {1984},
}


@misc{ref6,
  author = {Basanta Joshi},
  title = {Artificial Intelligence},
  howpublished = {\url{http://www.basantajoshi.com.np/courses/AI/}},
  %note = {Retrieved July, 2016},
}

@misc{ref7,
  title = {{Stock Market\emph{Wikipedia}}},
  howpublished = {\url{https://en.wikipedia.org/wiki/Stock_market}},
}

@misc{ref8,
  author = {Investopedia Staff},
  year = {2014},
  title = {{Stock Basic Tutorial [Online tutorial]}},
  note = {Retrieved September 16, 2014},
  howpublished = {\url{http://www.investopedia.com/university/stocks/}},
}

@inproceedings{ref9,
  author = {Farhad Soleimanian Gharehchopogh,Tahmineh Haddadi Bonab and Seyyed Reza Khaze},
  title = {A linear regression approach to prediction of stockk market trading volume :a case study},
  howpublished = {\url{http://airccse.org/journal/mvsc/papers/4313ijmvsc03.pdf}},
  year = {2013},
}

@inproceedings{ref10,
  author = {Farhad Soleimanian Gharehchopogh,Tahmineh Haddadi Bonab and Seyyed Reza Khaze},
  title = {HOW TO CALCULATE NEPSE INDEX ??},
  howpublished = {\url{http://airccse.org/journal/mvsc/papers/4313ijmvsc03.pdf}},
  year = {2013},
}
@inproceedings{ref11,
  author = {Soban Kumar Khadka },
  title = {Historic Stock Market Crashes, Bubbles & Financial Crises},
  howpublished = {\url{http://nepalcastudent.com/old/index.php/economy-management/76-how-to-calculate-nepse-index-with-illustrative-example}},
  }
@inproceedings{ref12,
  title = {JavaScript Charts},
  howpublished = {\url{https://www.amcharts.com/download/}},
  }

@inproceedings{ref12,
  title = {Django documentation},
  howpublished = {\url{https://docs.djangoproject.com/en/1.10/}},
  }


